@book{AldrovandiPereiraBook,
address = {Dordrecht},
author = {Aldrovandi, Ruben and Pereira, Jos{\'{e}} Geraldo},
doi = {10.1007/978-94-007-5143-9},
isbn = {978-94-007-5142-2},
publisher = {Springer Netherlands},
title = {{Teleparallel Gravity}},
url = {http://link.springer.com/10.1007/978-94-007-5143-9},
volume = {173},
year = {2013}
}

@book{KleinertMultivalued,
author = {Kleinert, Hagen},
doi = {10.1142/6742},
isbn = {978-981-279-170-2},
issn = {0025-326X},
month = {feb},
publisher = {WORLD SCIENTIFIC},
title = {{Multivalued Fields}},
url = {https://www.worldscientific.com/worldscibooks/10.1142/6742},
year = {2008}
}

@book{Ryder2009,
address = {Cambridge},
author = {Ryder, Lewis},
doi = {10.1017/CBO9780511809033},
isbn = {9780511809033},
publisher = {Cambridge University Press},
title = {{Introduction to General Relativity}},
url = {http://ebooks.cambridge.org/ref/id/CBO9780511809033},
year = {2009}
}

@incollection{Grinfeld2013,
address = {New York, NY},
author = {Grinfeld, Pavel},
booktitle = {Introduction to Tensor Analysis and the Calculus of Moving Surfaces},
doi = {10.1007/978-1-4614-7867-6_9},
pages = {133--157},
publisher = {Springer New York},
title = {{Determinants and the Levi-Civita Symbol}},
url = {http://link.springer.com/10.1007/978-1-4614-7867-6{\_}9},
year = {2013}
}

@book{Alcubierre2008,
address = {Oxford},
author = {Alcubierre, Miguel},
doi = {10.1093/acprof:oso/9780199205677.001.0001},
isbn = {9780199205677},
month = {apr},
publisher = {Oxford University Press},
title = {{Introduction to 3+1 Numerical Relativity}},
url = {http://www.oxfordscholarship.com/view/10.1093/acprof:oso/9780199205677.001.0001/acprof-9780199205677},
year = {2008}
}

@article{Obukhov2008,
archivePrefix = {arXiv},
arxivId = {0808.1967},
author = {Obukhov, Y.N.},
doi = {10.1002/andp.200810313},
eprint = {0808.1967},
issn = {00033804},
journal = {Annalen der Physik},
month = {sep},
number = {9-10},
pages = {830--851},
title = {{Electromagnetic energy and momentum in moving media}},
url = {https://arxiv.org/abs/0808.1967 http://doi.wiley.com/10.1002/andp.200810313},
volume = {17},
year = {2008}
}

@article{DPRZ2017,
archivePrefix = {arXiv},
arxivId = {1612.02093},
author = {Dumbser, Michael and Peshkov, Ilya and Romenski, Evgeniy and Zanotti, Olindo},
doi = {10.1016/j.jcp.2017.07.020},
eprint = {1612.02093},
issn = {00219991},
journal = {Journal of Computational Physics},
month = {nov},
pages = {298--342},
publisher = {Elsevier Inc.},
title = {{High order ADER schemes for a unified first order hyperbolic formulation of Newtonian continuum mechanics coupled with electro-dynamics}},
url = {http://dx.doi.org/10.1016/j.jcp.2017.07.020 http://linkinghub.elsevier.com/retrieve/pii/S0021999117305284 https://linkinghub.elsevier.com/retrieve/pii/S0021999117305284},
volume = {348},
year = {2017}
}

@article{Hohmann2018a,
author = {Hohmann, Manuel and J{\"{a}}rv, Laur and Kr{\v{s}}{\v{s}}{\'{a}}k, Martin and Pfeifer, Christian},
doi = {10.1103/PhysRevD.97.104042},
issn = {2470-0010},
journal = {Physical Review D},
month = {may},
number = {10},
pages = {104042},
title = {{Teleparallel theories of gravity as analogue of nonlinear electrodynamics}},
url = {https://link.aps.org/doi/10.1103/PhysRevD.97.104042},
volume = {97},
year = {2018}
}

@article{Torsion2019,
archivePrefix = {arXiv},
arxivId = {1810.03761},
author = {Peshkov, Ilya and Romenski, Evgeniy and Dumbser, Michael},
doi = {10.1007/s00161-019-00770-6},
eprint = {1810.03761},
issn = {0935-1175},
journal = {Continuum Mechanics and Thermodynamics},
month = {sep},
number = {5},
pages = {1517--1541},
publisher = {Springer Berlin Heidelberg},
title = {{Continuum mechanics with torsion}},
url = {http://link.springer.com/10.1007/s00161-019-00770-6 http://arxiv.org/abs/1810.03761},
volume = {31},
year = {2019}
}

@book{Gourgoulhon2012a,
address = {Berlin Heidelberg},
author = {Gourgoulhon, Eric},
booktitle = {Lecture Notes in Physics},
doi = {10.1007/978-3-642-24525-1},
isbn = {9783642245244},
publisher = {Springer-Verlag},
series = {Lecture Notes in Physics},
title = {{3+1 Formalism in General Relativity}},
volume = {846},
year = {2012}
}