@book{AldrovandiPereiraBook,
address = {Dordrecht},
author = {Aldrovandi, Ruben and Pereira, Jos{\'{e}} Geraldo},
doi = {10.1007/978-94-007-5143-9},
isbn = {978-94-007-5142-2},
publisher = {Springer Netherlands},
title = {{Teleparallel Gravity}},
url = {http://link.springer.com/10.1007/978-94-007-5143-9},
volume = {173},
year = {2013}
}

@article{Krssak2017,
archivePrefix = {arXiv},
arxivId = {1510.06676},
author = {Kr{\v{s}}{\v{s}}{\'{a}}k, Martin},
doi = {10.1140/epjc/s10052-017-4621-3},
eprint = {1510.06676},
issn = {1434-6044},
journal = {The European Physical Journal C},
month = {jan},
number = {1},
pages = {44},
title = {{Holographic renormalization in teleparallel gravity}},
url = {http://arxiv.org/abs/1510.06676 http://dx.doi.org/10.1140/epjc/s10052-017-4621-3 
http://link.springer.com/10.1140/epjc/s10052-017-4621-3},
volume = {77},
year = {2017}
}

@article{Lewis2009,
archivePrefix = {arXiv},
arxivId = {0907.2301},
author = {Lewis, Clinton L.},
doi = {10.1119/1.3153503},
eprint = {0907.2301},
isbn = {doi:10.1119/1.3153503},
issn = {0002-9505},
journal = {American Journal of Physics},
month = {sep},
number = {9},
pages = {839--843},
title = {{Explicit gauge covariant Eulerâ€“Lagrange equation}},
url = {http://aapt.scitation.org/doi/10.1119/1.3153503},
volume = {77},
year = {2009}
}

@article{Lorce2013,
archivePrefix = {arXiv},
arxivId = {1302.5515},
author = {Lorc{\'{e}}, C{\'{e}}dric},
doi = {10.1103/PhysRevD.88.044037},
eprint = {1302.5515},
issn = {15507998},
journal = {Physical Review D - Particles, Fields, Gravitation and Cosmology},
number = {4},
pages = {1--8},
title = {{Gauge-covariant canonical formalism revisited with application to the proton spin 
decomposition}},
volume = {88},
year = {2013}
}

@book{Alcubierre2008,
address = {Oxford},
author = {Alcubierre, Miguel},
doi = {10.1093/acprof:oso/9780199205677.001.0001},
isbn = {9780199205677},
month = {apr},
publisher = {Oxford University Press},
title = {{Introduction to 3+1 Numerical Relativity}},
url = 
{http://www.oxfordscholarship.com/view/10.1093/acprof:oso/9780199205677.001.0001/acprof-9780199205677},
year = {2008}
}

@article{DPRZ2017,
archivePrefix = {arXiv},
arxivId = {1612.02093},
author = {Dumbser, Michael and Peshkov, Ilya and Romenski, Evgeniy and Zanotti, Olindo},
doi = {10.1016/j.jcp.2017.07.020},
eprint = {1612.02093},
issn = {00219991},
journal = {Journal of Computational Physics},
month = {nov},
pages = {298--342},
publisher = {Elsevier Inc.},
title = {{High order ADER schemes for a unified first order hyperbolic formulation of Newtonian 
continuum mechanics coupled with electro-dynamics}},
url = {http://dx.doi.org/10.1016/j.jcp.2017.07.020 
http://linkinghub.elsevier.com/retrieve/pii/S0021999117305284},
volume = {348},
year = {2017}
}

@article{Obukhov2008,
archivePrefix = {arXiv},
arxivId = {0808.1967},
author = {Obukhov, Y.N.},
doi = {10.1002/andp.200810313},
eprint = {0808.1967},
issn = {00033804},
journal = {Annalen der Physik},
month = {sep},
number = {9-10},
pages = {830--851},
title = {{Electromagnetic energy and momentum in moving media}},
url = {https://arxiv.org/abs/0808.1967 http://doi.wiley.com/10.1002/andp.200810313},
volume = {17},
year = {2008}
}

@article{Hohmann2018a,
author = {Hohmann, Manuel and J{\"{a}}rv, Laur and Kr{\v{s}}{\v{s}}{\'{a}}k, Martin and Pfeifer, Christian},
doi = {10.1103/PhysRevD.97.104042},
issn = {2470-0010},
journal = {Physical Review D},
month = {may},
number = {10},
pages = {104042},
title = {{Teleparallel theories of gravity as analogue of nonlinear electrodynamics}},
url = {https://link.aps.org/doi/10.1103/PhysRevD.97.104042},
volume = {97},
year = {2018}
}

@article{PRD-Torsion2018,
archivePrefix = {arXiv},
arxivId = {1810.03761},
author = {Peshkov, Ilya and Romenski, Evgeniy and Dumbser, Michael},
eprint = {1810.03761},
month = {oct},
title = {{Continuum mechanics with torsion}},
url = {http://arxiv.org/abs/1810.03761},
year = {2018}
}